@BOOK{cite1,
AUTHOR="Avsijbv",
TITLE="Title1",
PUBLISHER="Publisher1",
YEAR="2017"
}
@BOOK{cite2,
AUTHOR="Avsijbv",
TITLE="Title1",
PUBLISHER="Publisher1",
YEAR="2017"
}

@BOOK{cite3,
AUTHOR="Avsijbv",
TITLE="Title1",
PUBLISHER="Publisher1",
YEAR="2017"
}

